% Encoding: UTF-8



@article{abuzir02,
	Author = {Abuzir, Yousef and Abuzir, Moh'D Osama},
	Journal = {Computing in Civil Engineering},
	Title = {Constructing the Civil Engineering Thesaurus (CET) Using the ThesWB},
	Year = {2002}}

@article{ananiadou20,
	Author = {Ananiadou, Sophia and Albert, Sylvie and Schuhmann, Dietrich},
	Journal = {Genome Informatics},
	Pages = {450-451},
	Title = {Evaluation of Automatic Term Recognition of Nuclear Receptors from MEDLINE},
	Volume = {11},
	Year = {2000}}

@misc{apache16,
	Author = {Apache.org},
	Month = mar,
	Title = {Machine Learning Library (MLlib)},
	Url = {https://spark.apache.org/docs/1.1.0/mllib-guide.html},
	Year = {2016},
	Bdsk-Url-1 = {https://spark.apache.org/docs/1.1.0/mllib-guide.html}}

@inproceedings{berard12,
	Author = {Berard, Ole Bengt and Karlshoej, Jan},
	Booktitle = {CIB W78-W102 2011: International Conference},
	Title = {Information delivery manuals to integrate building product information into design},
	Year = {2012}}

@article{Bolchini13,
	Author = {Bolchini, Cristiana and Quintarelli, Elisa and Tanca, Letizia},
	Journal = {Information Systems},
	Keywords = {Context-awareness, Database design, External views},
	Number = {1},
	Pages = {45-67},
	Title = {CARVE: Context-aware automatic view definition over relational databases},
	Volume = {38},
	Year = {2013}}

@inproceedings{bruni12,
	Author = {Bruni, Elia and Boleda, Gemma and Baroni, Marco and Tran, Nam-Khanh},
	Booktitle = {Proceedings of the 50th Annual Meeting of the Association for Computational Linguistics: Long Papers-Volume 1},
	Pages = {136-145},
	Publisher = {Association for Computational Linguistics},
	Title = {Distributional semantics in technicolor},
	Year = {2012}}

@misc{buildingsmartData,
	Author = {buildingSMART},
	Note = {Accessed: March 15, 2016},
	Title = {Data Dictionary},
	Url = {http://www.buildingsmart.org/standards/standards-library-tools-services/data-dictionary/},
	Year = {2016},
	Bdsk-Url-1 = {http://www.buildingsmart.org/standards/standards-library-tools-services/data-dictionary/}}

@misc{buildingsmartIFC,
	Author = {buildingSMART},
	Note = {Accessed: 2015-10-11},
	Title = {IFC Overview summary},
	Url = {http://www.buildingsmart-tech.org/},
	Year = {2015},
	Bdsk-Url-1 = {http://www.buildingsmart-tech.org/}}

@book{Buitelaar05,
	Author = {Buitelaar, Paul and Cimiano, Philipp and Magnini, Bernardo},
	Publisher = {IOS press},
	Title = {Ontology learning from text: methods, evaluation and applications},
	Volume = {123},
	Year = {2005}}

@article{Cambria14,
	Author = {Cambria, Erik and White, Bruce},
	Journal = {Computational Intelligence Magazine, IEEE},
	Number = {2},
	Pages = {48-57},
	Title = {Jumping NLP curves: a review of natural language processing research [review article]},
	Volume = {9},
	Year = {2014}}

@book{Cimiano06,
	Author = {Cimiano, Philipp},
	Publisher = {Springer},
	Title = {Ontology learning from text},
	Year = {2006}}

@article{costa-jussa12,
	Author = {Costa-Jussa, Marta R and Farr{\'u}s, Mireia and Mari{\~n}o, Jos{\'e} B and Fonollosa, Jos{\'e} AR},
	Journal = {Computing and Informatics},
	Number = {2},
	Pages = {245-270},
	Title = {Study and comparison of rule-based and statistical catalan-spanish machine translation systems},
	Volume = {31},
	Year = {2012}}

@inproceedings{Cunningham02,
	Author = {Cunningham, Hamish and Maynard, Diana and Bontcheva, Kalina and Tablan, Valentin},
	Booktitle = {Proceedings of the 40th annual meeting on association for computational linguistics},
	Pages = {168-175},
	Publisher = {Association for Computational Linguistics},
	Title = {GATE: an architecture for development of robust HLT applications},
	Year = {2002}}

@inbook{deAzevedo14,
	Author = {de Azevedo, Ryan Ribeiro and Freitas, Fred and Rocha, Rodrigo and Menezes, Jos{\'e} Ant{\^o}nio Alves and Pereira, Luis F Alves},
	Booktitle = {Computational Science and Its Applications--ICCSA 2014},
	Pages = {746-759},
	Publisher = {Springer},
	Title = {An Approach for Automatic Expressive Ontology Construction from Natural Language},
	Year = {2014}}

@techreport{east07,
	Author = {East, E William},
	Institution = {DTIC Document},
	Title = {Construction operations building information exchange (COBie)},
	Year = {2007}}

@article{east12,
	Author = {East, E. William and Nisbet, Nicholas and Liebich, Thomas},
	Journal = {Journal of computing in civil engineering},
	Number = {1},
	Pages = {61-67},
	Title = {Facility management handover model view},
	Volume = {27},
	Year = {2012}}

@article{eastman09,
	Author = {Eastman, C. and Jeong, Y. and Sacks, R. and Kaner, I.},
	Journal = {Journal of Computing in Civil Engineering},
	Number = {1},
	Pages = {25-34},
	Title = {Exchange Model and Exchange Object Concepts for Implementation of National BIM Standards},
	Volume = {24},
	Year = {2009}}

@misc{eastman12,
	Author = {Eastman, Chuck},
	Note = {Presentaion at the IDDS workshop},
	Title = {The future of IFC: Rationale and design of a SEM IFC layer},
	Year = {2012}}

@article{erk12,
	Author = {Erk, Katrin},
	Journal = {Language and Linguistics Compass},
	Number = {10},
	Pages = {635-653},
	Title = {Vector space models of word meaning and phrase meaning: A survey},
	Volume = {6},
	Year = {2012}}

@inproceedings{finkelstein01,
	Author = {Finkelstein, Lev and Gabrilovich, Evgeniy and Matias, Yossi and Rivlin, Ehud and Solan, Zach and Wolfman, Gadi and Ruppin, Eytan},
	Booktitle = {Proceedings of the 10th international conference on World Wide Web},
	Pages = {406-414},
	Publisher = {ACM},
	Title = {Placing search in context: The concept revisited},
	Year = {2001}}

@article{frantzi20,
	Author = {Frantzi, Katerina and Ananiadou, Sophia and Mima, Hideki},
	Journal = {International Journal on Digital Libraries},
	Keywords = {TERMS & phrases SUBLANGUAGE DIGITAL libraries},
	Number = {2},
	Pages = {115},
	Title = {Automatic recognition of multi-word terms: the C-value/NC-value method},
	Volume = {3},
	Year = {2000}}

@inproceedings{Freitas14,
	Author = {Freitas, Andre and Curry, Edward},
	Booktitle = {Proceedings of the 19th international conference on Intelligent User Interfaces},
	Pages = {279-288},
	Publisher = {ACM},
	Title = {Natural language queries over heterogeneous linked data graphs: A distributional-compositional semantics approach},
	Year = {2014}}

@article{Froese03,
	Author = {Froese, Thomas},
	Journal = {ITcon},
	Pages = {231-246},
	Title = {Future directions for IFC-based interoperability},
	Volume = {8},
	Year = {2003}}

@article{gale93,
	Author = {Gale, William A and Church, Kenneth W},
	Journal = {Computational linguistics},
	Number = {1},
	Pages = {75-102},
	Title = {A program for aligning sentences in bilingual corpora},
	Volume = {19},
	Year = {1993}}

@techreport{gsa11,
	Author = {{U.S. General Services Administration (GSA)}},
	Title = {GSA Building Information Modeling Guide Series: 08-GSA BIM Guide for Facility Management},
	Year = {2011}}

@article{Habernal13,
	Author = {Habernal, Ivan and Konop{\'\i}k, Miloslav},
	Journal = {Expert Systems with Applications},
	Keywords = {Semantic search, Natural Language Understanding, Semantic Web, Statistical semantic analysis},
	Number = {9},
	Pages = {3649-3664},
	Title = {SWSNL: Semantic Web Search Using Natural Language},
	Volume = {40},
	Year = {2013}}

@article{harispe13,
	Author = {Harispe, S{\'e}bastien and Ranwez, Sylvie and Janaqi, Stefan and Montmain, Jacky},
	Journal = {arXiv preprint arXiv:1310.1285},
	Title = {Semantic Measures for the Comparison of Units of Language, Concepts or Instances from Text and Knowledge Base Analysis},
	Year = {2013}}

@article{harispe15,
	Author = {Harispe, S{\'e}bastien and Ranwez, Sylvie and Janaqi, Stefan and Montmain, Jacky},
	Journal = {Synthesis Lectures on Human Language Technologies},
	Number = {1},
	Pages = {1-254},
	Title = {Semantic Similarity from Natural Language and Ontology Analysis},
	Volume = {8},
	Year = {2015}}

@article{harris54,
	Author = {Harris, Zellig S},
	Journal = {Word},
	Title = {Distributional structure},
	Year = {1954}}

@conference{hezik08,
	Author = {Hezik, M.V.},
	Booktitle = {The IFD Library/IDM/IFC/MVD Workshop},
	Title = {IFD Library background and history},
	Year = {2008}}

@article{hill14,
	Author = {Hill, Felix and Reichart, Roi and Korhonen, Anna},
	Journal = {arXiv preprint arXiv:1408.3456},
	Title = {Simlex-999: Evaluating semantic models with (genuine) similarity estimation},
	Year = {2014}}

@article{hou11,
	Author = {Hou, Xin and Ong, S. K. and Nee, A. Y. C. and Zhang, X. T. and Liu, W. J.},
	Journal = {Expert Systems with Applications},
	Keywords = {Automatic construction of domain ontology, Document graph, Graph clustering, Frequent subgraph mining, Informative subgraph},
	Number = {9},
	Pages = {11958-11975},
	Title = {GRAONTO: A graph-based approach for automatic construction of domain ontology},
	Volume = {38},
	Year = {2011}}

@article{hsu13,
	Author = {Hsu, Jia-yang},
	Journal = {Automation in Construction},
	Pages = {65-74},
	Title = {Content-based text mining technique for retrieval of CAD documents},
	Volume = {31},
	Year = {2013}}

@phdthesis{hu14,
	Author = {Hu, Hanjin},
	Keywords = {Applied sciences, Bridge information modeling, Data exchange protocol, Information delivery manual, Model view definition, Civil engineering},
	Note = {UMI Dissertations},
	Title = {Development of interoperable data protocol for integrated bridge project delivery},
	Type = {Ph.D.},
	University = {State University of New York at Buffalo},
	Year = {2014}}

@misc{IFDgroup08,
	Author = {{IFD Library Group}},
	Note = {Accessed: 2015-07-06},
	Title = {IFD Library white paper},
	Url = {http://www.ifd-library.org/images/IFD_Library_White_Paper_2008-04-10_I_.pdf},
	Bdsk-Url-1 = {http://www.ifd-library.org/images/IFD_Library_White_Paper_2008-04-10_I_.pdf}}

@misc{inframodel16,
	Author = {inframodel.fi},
	Note = {Accessed: 2016-12-10},
	Title = {Inframodel},
	Url = {http://www.inframodel.fi/en/},
	Year = {2016},
	Bdsk-Url-1 = {http://www.inframodel.fi/en/}}

@article{Jeong14,
	Author = {Jeong, W. and Kim, J. B. and Clayton, M. J. and Haberl, J. S. and Yan, W.},
	Journal = {Scientific World Journal},
	Keywords = {model view definition},
	Title = {Translating building information modeling to building energy modeling using model view definition},
	Year = {2014}}

@article{jiang2015,
	Author = {Jiang, Y and Yu, N and Ming, J and Lee, S and DeGraw, J and Yen, J and Messner, JI and Wu, D},
	Isbn = {1874-4753},
	Journal = {Journal of Information Technology in Construction},
	Keywords = {model view definition},
	Title = {Automatic building information model query generation},
	Year = {2015}}

@article{justeson95,
	Author = {Justeson, John S. and Katz, Slava M.},
	Journal = {Natural Language Engineering},
	Number = {01},
	Pages = {9-27},
	Title = {Technical terminology: some linguistic properties and an algorithm for identification in text},
	Volume = {1},
	Year = {1995}}

@article{katranuschkov10,
	Author = {Katranuschkov, Peter and Weise, Matthias and Windisch, Ronny and Fuchs, Sebastian and Scherer, Raimar J},
	Journal = {CIB W78},
	Keywords = {model view definition},
	Title = {BIM-based generation of multi-model views},
	Year = {2010}}

@article{Kaufmann10,
	Author = {Kaufmann, Esther and Bernstein, Abraham},
	Journal = {Web Semantics: Science, Services and Agents on the World Wide Web},
	Keywords = {Natural language interfaces, Query languages, Usability study},
	Number = {4},
	Pages = {377-393},
	Title = {Evaluating the usability of natural language query languages and interfaces to Semantic Web knowledge bases},
	Volume = {8},
	Year = {2010}}

@article{kolb08,
	Author = {Kolb, Peter},
	Journal = {Proceedings of KONVENS-2008, Berlin},
	Title = {Disco: A multilingual database of distributionally similar words},
	Year = {2008}}

@misc{landxmlorg,
	Author = {landxml.org},
	Date-Modified = {2016-12-13 06:22:24 +0000},
	Note = {Accessed: 2015-12-10},
	Title = {About landxml.org},
	Url = {http://www.landxml.org/About.aspx},
	Year = {2016},
	Bdsk-Url-1 = {http://www.landxml.org/About.aspx}}

@inproceedings{le2016term,
	Author = {Le, T and Jeong, HD},
	Booktitle = {ISARC. Proceedings of the International Symposium on Automation and Robotics in Construction},
	Title = {Technical term similarity model for natural language based data retrieval in civil infrastructure projects},
	Volume = {33},
	Year = {2016}}

@inproceedings{lee13,
	Author = {Lee, Taesung and Wang, Zhongyuan and Wang, Haixun and Hwang, Seung-won},
	Booktitle = {Data Engineering (ICDE), 2013 IEEE 29th International Conference on},
	Pages = {194-205},
	Publisher = {IEEE},
	Title = {Attribute extraction and scoring: A probabilistic approach},
	Year = {2013}}

@article{lee16,
	Author = {Lee, Y. C. and Eastman, C. M. and Solihin, W. and See, R.},
	Journal = {Automation in Construction},
	Pages = {1-11},
	Title = {Modularized rule-based validation of a BIM model pertaining to model views},
	Volume = {63},
	Year = {2016}}

@article{lee2016mvd,
	Author = {Lee, Yong-Cheol and Eastman, Charles M and Solihin, Wawan},
	Journal = {Advanced Engineering Informatics},
	Number = {3},
	Pages = {354--367},
	Publisher = {Elsevier},
	Title = {An ontology-based approach for developing data exchange requirements and model views of building information modeling},
	Volume = {30},
	Year = {2016}}

@inproceedings{Lesk86,
	Author = {Lesk, Michael},
	Booktitle = {Proceedings of the 5th annual international conference on Systems documentation},
	Pages = {24-26},
	Publisher = {ACM},
	Title = {Automatic sense disambiguation using machine readable dictionaries: how to tell a pine cone from an ice cream cone},
	Year = {1986}}

@article{Lima05,
	Author = {Lima, Celson and El-Diraby, Tamer and Stephens, Jeff},
	Journal = {Journal of IT in Construction},
	Pages = {305-327},
	Title = {Ontology-based optimization of knowledge management in e-construction},
	Volume = {10},
	Year = {2005}}

@article{Lin15,
	Author = {Lin, Jia-Rui and Hu, Zhen-Zhong and Zhang, Jian-Ping and Yu, Fang-Qiang},
	Journal = {Computer-Aided Civil and Infrastructure Engineering},
	Title = {A Natural-Language-Based Approach to Intelligent Data Retrieval and Representation for Cloud BIM},
	Year = {2015}}

@article{Liu11,
	Author = {Liu, Kaihong and Hogan, William R. and Crowley, Rebecca S.},
	Journal = {Journal of Biomedical Informatics},
	Keywords = {Ontology, Ontology learning from text, Ontology enrichment, Information extraction, Natural Language Processing},
	Number = {1},
	Pages = {163-179},
	Title = {Natural Language Processing methods and systems for biomedical ontology learning},
	Volume = {44},
	Year = {2011}}

@inproceedings{lossio13,
	Author = {Lossio-Ventura, Juan Antonio and Jonquet, Clement and Roche, Mathieu and Teisseire, Maguelonne},
	Booktitle = {LBM'2013: 5th International Symposium on Languages in Biology and Medicine},
	Keywords = {Biomedical Term Extraction C-value Biomedical Terminology},
	Note = {Computer Science [cs]/Bioinformatics [q-bio.QM] Life Sciences [q-bio]/Quantitative Methods [q-bio.QM] Computer Science [cs]/Document and Text ProcessingConference papers},
	Pages = {http://lbm2013.biopathway.org/},
	Title = {Combining C-value and Keyword Extraction Methods for Biomedical Terms Extraction},
	Year = {2013}}

@article{lv15,
	Author = {Lv, Xuan and El-Gohary, Nora M},
	Title = {Semantic Annotation for Context-Aware Information Retrieval for Supporting the Environmental Review of Transportation Projects},
	Year = {2015}}

@inproceedings{macqueen67,
	Author = {MacQueen, James},
	Booktitle = {Proceedings of the fifth Berkeley symposium on mathematical statistics and probability},
	Pages = {281-297},
	Publisher = {Oakland, CA, USA.},
	Title = {Some methods for classification and analysis of multivariate observations},
	Volume = {1},
	Year = {1967}}

@article{Maedche01,
	Author = {Maedche, Alexander and Staab, Steffen},
	Journal = {IEEE Intelligent Systems},
	Number = {2},
	Pages = {72-79},
	Title = {Ontology learning for the semantic web},
	Volume = {16},
	Year = {2001}}

@article{Marcus95,
	Author = {Marcus, Mitchell},
	Journal = {Proceedings of the National Academy of Sciences},
	Number = {22},
	Pages = {10052-10059},
	Title = {New trends in natural language processing: statistical natural language processing},
	Volume = {92},
	Year = {1995}}

@article{mikolov13a,
	Author = {Mikolov, Tomas and Chen, Kai and Corrado, Greg and Dean, Jeffrey},
	Journal = {arXiv preprint arXiv:1301.3781},
	Title = {Efficient estimation of word representations in vector space},
	Year = {2013}}

@article{miller95,
	Author = {Miller, George A},
	Journal = {Communications of the ACM},
	Number = {11},
	Pages = {39-41},
	Title = {WordNet: a lexical database for English},
	Volume = {38},
	Year = {1995}}

@article{nakagawa03,
	Author = {Nakagawa, Hiroshi and Mori, Tatsunori},
	Journal = {Terminology},
	Number = {2},
	Pages = {201-219},
	Title = {Automatic term recognition based on statistics of compound nouns and their components},
	Volume = {9},
	Year = {2003}}

@article{Navigli09,
	Author = {Navigli, Roberto},
	Journal = {ACM Computing Surveys (CSUR)},
	Number = {2},
	Pages = {10},
	Title = {Word sense disambiguation: A survey},
	Volume = {41},
	Year = {2009}}

@inproceedings{nenadic02,
	Author = {Nenadi{\'c}, Goran and Spasi{\'c}, Irena and Ananiadou, Sophia},
	Booktitle = {Third International Conference on Language Resources and Evaluation (LREC2002)},
	Pages = {2155-2162},
	Title = {Automatic acronym acquisition and term variation management within domain-specific texts},
	Year = {2002}}

@inproceedings{NenadicSpasicAnaniadou2002,
	Author = {Nenadi{\'c}, Goran and Spasi{\'c}, Irena and Ananiadou, Sophia},
	Booktitle = {Third International Conference on Language Resources and Evaluation (LREC2002)},
	Pages = {2155-2162},
	Title = {Automatic acronym acquisition and term variation management within domain-specific texts},
	Year = {2002}}

@techreport{nibs15,
	Author = {{National Institue of Building Sciences (NIBS)}},
	Title = {National BIM Standard-United States Version 3},
	Year = {2015}}

@techreport{nisbet12,
	Author = {Nisbet, Nicholas},
	Institution = {AEC3 UK Ltd},
	Title = {COBie UK: Required Information for Facility Operation},
	Year = {2012}}

@inbook{Paice09,
	Author = {Paice, Chris D},
	Booktitle = {Encyclopedia of Database Systems},
	Pages = {1606-1610},
	Publisher = {Springer},
	Title = {Lexical Analysis of Textual Data},
	Year = {2009}}

@article{porter80,
	Author = {Porter, Martin F},
	Journal = {Program},
	Number = {3},
	Pages = {130-137},
	Title = {An algorithm for suffix stripping},
	Volume = {14},
	Year = {1980}}

@article{salton88,
	Author = {Salton, Gerard and Buckley, Christopher},
	Journal = {Information processing \& management},
	Number = {5},
	Pages = {513-523},
	Title = {Term-weighting approaches in automatic text retrieval},
	Volume = {24},
	Year = {1988}}

@article{Sangers13,
	Author = {Sangers, Jordy and Frasincar, Flavius and Hogenboom, Frederik and Chepegin, Vadim},
	Journal = {Expert Systems with Applications},
	Keywords = {Natural language processing, Semantic Web services, WSMO Web service discovery},
	Number = {11},
	Pages = {4660-4671},
	Title = {Semantic Web service discovery using natural language processing techniques},
	Volume = {40},
	Year = {2013}}

@inproceedings{Scarponcini06,
	Address = {Montreal, Canada},
	Author = {Paul Scarponcini},
	Booktitle = {Joint International Conference on Computing and Decision Making in Civil and Building Engineering},
	Date-Modified = {2016-01-04 02:53:55 +0000},
	Month = {June},
	Title = {TransXML: ESTABLISHING STANDARDS FOR TRANSPORTATION DATA EXCHANGE},
	Year = {2006}}

@inbook{sclano07,
	Author = {Sclano, Francesco and Velardi, Paola},
	Booktitle = {Enterprise Interoperability II},
	Pages = {287-290},
	Publisher = {Springer},
	Title = {Termextractor: a web application to learn the shared terminology of emergent web communities},
	Year = {2007}}

@misc{see12,
	Author = {See, Richard and Karlshoej, Jan and Davis, Diane},
	Keywords = {model view definition},
	Title = {An Integrated Process for Delivering IFC Based Data Exchange},
	Year = {2012}}

@inproceedings{Shekarpour11,
	Author = {Shekarpour, Saeedeh and Auer, S{\"o}ren and Ngomo, Axel-Cyrille Ngonga and Gerber, Daniel and Hellmann, Sebastian and Stadler, Claus},
	Booktitle = {Web Intelligence and Intelligent Agent Technology (WI-IAT), 2011 IEEE/WIC/ACM International Conference on},
	Pages = {203-210},
	Publisher = {IEEE},
	Title = {Keyword-driven sparql query generation leveraging background knowledge},
	Volume = {1},
	Year = {2011}}

@article{shvaiko13,
	Author = {Shvaiko, P. and Euzenat, J.},
	Doi = {10.1109/TKDE.2011.253},
	Issn = {1041-4347},
	Journal = {Knowledge and Data Engineering, IEEE Transactions on},
	Keywords = {ontologies (artificial intelligence),future challenges,ontology matching,state of the art challenges, Databases,OWL,Ontologies,Resource description framework,Semantics,Thesauri,Vocabulary,Semantic heterogeneity,ontology alignment,ontology matching,schema matching,semantic technologies},
	Month = {Jan},
	Number = {1},
	Pages = {158-176},
	Title = {Ontology Matching: State of the Art and Future Challenges},
	Volume = {25},
	Year = {2013},
	Bdsk-Url-1 = {http://dx.doi.org/10.1109/TKDE.2011.253}}

@article{sparck72,
	Author = {Sparck Jones, Karen},
	Journal = {Journal of documentation},
	Number = {1},
	Pages = {11-21},
	Title = {A statistical interpretation of term specificity and its application in retrieval},
	Volume = {28},
	Year = {1972}}

@article{Storey08,
	Author = {Storey, Veda C and Burton-Jones, Andrew and Sugumaran, Vijayan and Purao, Sandeep},
	Journal = {Information Systems Research},
	Number = {1},
	Pages = {3-25},
	Title = {CONQUER: A methodology for context-aware query processing on the World Wide Web},
	Volume = {19},
	Year = {2008}}

@inproceedings{Toutanova03,
	Author = {Toutanova, Kristina and Klein, Dan and Manning, Christopher D and Singer, Yoram},
	Booktitle = {Proceedings of the 2003 Conference of the North American Chapter of the Association for Computational Linguistics on Human Language Technology-Volume 1},
	Pages = {173-180},
	Publisher = {Association for Computational Linguistics},
	Title = {Feature-rich part-of-speech tagging with a cyclic dependency network},
	Year = {2003}}

@article{turney10,
	Author = {Turney, Peter D and Pantel, Patrick},
	Journal = {Journal of artificial intelligence research},
	Number = {1},
	Pages = {141-188},
	Title = {From frequency to meaning: Vector space models of semantics},
	Volume = {37},
	Year = {2010}}

@article{tversky1977sim,
	Author = {Tversky, Amos},
	Journal = {Psychological review},
	Number = {4},
	Pages = {327},
	Publisher = {American Psychological Association},
	Title = {Features of similarity.},
	Volume = {84},
	Year = {1977}}

@article{Uschold04,
	Author = {Uschold, Michael and Gruninger, Michael},
	Journal = {ACM SIGMod Record},
	Number = {4},
	Pages = {58-64},
	Title = {Ontologies and semantics for seamless connectivity},
	Volume = {33},
	Year = {2004}}

@article{venugopal12,
	Author = {Venugopal, M and Eastman, Charles M and Sacks, Rafael and Teizer, Jochen},
	Journal = {Advanced Engineering Informatics},
	Number = {2},
	Pages = {411-428},
	Title = {Semantics of model views for information exchanges using the industry foundation class schema},
	Volume = {26},
	Year = {2012}}

@inproceedings{venugopal12a,
	Author = {Venugopal, M and Eastman, CM and Sacks, R},
	Booktitle = {International Conference on Computing in Civil Engineering},
	Pages = {269-276},
	Title = {Configurable model exchanges for the precast/pre-stressed concrete industry using semantic exchange modules (SEM)},
	Year = {2012}}

@article{vicient13,
	Author = {Vicient, Carlos and S{\'a}nchez, David and Moreno, Antonio},
	Journal = {Engineering Applications of Artificial Intelligence},
	Keywords = {Information extraction, Feature extraction, Ontologies Wikipedia},
	Number = {3},
	Pages = {1092-1106},
	Title = {An automatic approach for ontology-based feature extraction from heterogeneous textualresources},
	Volume = {26},
	Year = {2013}}

@inproceedings{Webster92,
	Author = {Webster, Jonathan J and Kit, Chunyu},
	Booktitle = {Proceedings of the 14th conference on Computational linguistics-Volume 4},
	Pages = {1106-1110},
	Publisher = {Association for Computational Linguistics},
	Title = {Tokenization as the initial phase in NLP},
	Year = {1992}}

@misc{wetherill02,
	Author = {Wetherill, Matthew and Rezgui, Yacine and Lima, Celson and Zarli, Alain},
	Isbn = {1874-4753},
	Publisher = {ITcon},
	Title = {Knowledge management for the construction industry: the e-cognos project},
	Year = {2002}}

@misc{wikipedia,
	Author = {Wikipedia},
	Note = {Accessed: 2015-07-06},
	Title = {Ontology Learning},
	Url = {https://en.wikipedia.org/wiki/Ontology_learning},
	Bdsk-Url-1 = {https://en.wikipedia.org/wiki/Ontology_learning}}

@inproceedings{windisch12,
	Author = {Windisch, R. and Katranuschkov, P. and Scherer, R. J.},
	Booktitle = {European Group for Intelligent Computing in Engineering, EG-ICE 2012 - International Workshop: Intelligent Computing in Engineering},
	Keywords = {model view definition},
	Title = {A generic filter framework for consistent generation of BIM-based model views},
	Year = {2012}}

@article{won13,
	Author = {Won, J. and Lee, G. and Cho, C.},
	Journal = {Journal of Computing in Civil Engineering},
	Number = {6},
	Pages = {585-592},
	Title = {No-Schema Algorithm for Extracting a Partial Model from an IFC Instance Model},
	Volume = {27},
	Year = {2013}}

@article{Wong12,
	Author = {Wong, Wilson and Liu, Wei and Bennamoun, Mohammed},
	Journal = {ACM Computing Surveys (CSUR)},
	Number = {4},
	Pages = {20},
	Title = {Ontology learning from text: A look back and into the future},
	Volume = {44},
	Year = {2012}}

@inproceedings{Yahya12,
	Author = {Yahya, Mohamed and Berberich, Klaus and Elbassuoni, Shady and Ramanath, Maya and Tresp, Volker and Weikum, Gerhard},
	Booktitle = {Proceedings of the 2012 Joint Conference on Empirical Methods in Natural Language Processing and Computational Natural Language Learning},
	Pages = {379-390},
	Publisher = {Association for Computational Linguistics},
	Title = {Natural language questions for the web of data},
	Year = {2012}}

@inproceedings{YahyaBerberichElbassuoniEtAl2012,
	Author = {Yahya, Mohamed and Berberich, Klaus and Elbassuoni, Shady and Ramanath, Maya and Tresp, Volker and Weikum, Gerhard},
	Booktitle = {Proceedings of the 2012 Joint Conference on Empirical Methods in Natural Language Processing and Computational Natural Language Learning},
	Pages = {379-390},
	Publisher = {Association for Computational Linguistics},
	Title = {Natural language questions for the web of data},
	Year = {2012}}

@article{yalcinkaya15,
	Author = {Yalcinkaya, Mehmet and Singh, Vishal},
	Journal = {Automation in Construction},
	Keywords = {BIM Latent Semantic Analysis Research trends Patterns},
	Pages = {68-80},
	Title = {Patterns and trends in Building Information Modeling (BIM) research: A Latent Semantic Analysis},
	Volume = {59},
	Year = {2015}}

@inproceedings{Yarowsky95,
	Author = {Yarowsky, David},
	Booktitle = {Proceedings of the 33rd annual meeting on Association for Computational Linguistics},
	Pages = {189-196},
	Publisher = {Association for Computational Linguistics},
	Title = {Unsupervised word sense disambiguation rivaling supervised methods},
	Year = {1995}}

@article{Zenz09,
	Author = {Zenz, Gideon and Zhou, Xuan and Minack, Enrico and Siberski, Wolf and Nejdl, Wolfgang},
	Journal = {Web Semantics: Science, Services and Agents on the World Wide Web},
	Keywords = {Semantic web, Keyword search, Query construction},
	Number = {3},
	Pages = {166-176},
	Title = {From keywords to semantic queries---Incremental query construction on the semantic web},
	Volume = {7},
	Year = {2009}}

@inproceedings{zhang08,
	Author = {Zhang, Ziqi and Iria, Jos{\'e} and Brewster, Christopher and Ciravegna, Fabio},
	Booktitle = {LREC},
	Title = {A Comparative Evaluation of Term Recognition Algorithms},
	Year = {2008}}

@inproceedings{zhang13,
	Author = {Zhang, C. and Beetz, J. and De Vries, B.},
	Booktitle = {European Group for Intelligent Computing in Engineering, EG-ICE 2013 - 20th International Workshop: Intelligent Computing in Engineering},
	Keywords = {model view definition},
	Title = {Towards Model View Definition on semantic level: A state of the art review},
	Year = {2013}}

@inproceedings{Zhang14,
	Author = {Zhang, Jiansong and El-Gohary, Nora M},
	Booktitle = {Construction Research Congress 2014@ sConstruction in a Global Network},
	Pages = {907-916},
	Publisher = {ASCE},
	Title = {Automated Reasoning for Regulatory Compliance Checking in the Construction Domain}}

@article{Zhang15a,
	Author = {Zhang, Sijie and Boukamp, Frank and Teizer, Jochen},
	Journal = {Automation in Construction},
	Keywords = {Building information modeling, Design for safety, Hazard recognition and communication, Knowledge management, Occupational construction safety and health, Ontology Safety planning},
	Number = {0},
	Pages = {29-41},
	Title = {Ontology-based semantic modeling of construction safety knowledge: Towards automated safety planning for job hazard analysis (JHA)},
	Volume = {52},
	Year = {2015}}

@article{Zhang15b,
	Author = {Zhang, Jiansong and El-Gohary, Nora M},
	Journal = {Journal of Computing in Civil Engineering},
	Pages = {B4015001},
	Title = {Automated Information Transformation for Automated Regulatory Compliance Checking in Construction},
	Year = {2015}}

@article{Zhang15c,
	Author = {Zhang, Jiansong and El-Gohary, Nora},
	Title = {A semantic similarity-based method for semi-automated IFC exension},
	Year = {2015}}

@article{zhang16,
	Author = {Zhang, J. and El-Gohary, N.},
	Journal = {Journal of Computing in Civil Engineering},
	Pages = {C4016004},
	Title = {Extending Building Information Models Semiautomatically Using Semantic Natural Language Processing Techniques},
	Year = {2016}}

@article{Zhao11,
	Author = {Zhao, Hai and Kit, Chunyu},
	Journal = {Information Sciences},
	Number = {1},
	Pages = {163-183},
	Title = {Integrating unsupervised and supervised word segmentation: The role of goodness measures},
	Volume = {181},
	Year = {2011}}

@book{Ziering07,
	Author = {Ziering, Eric and Harrison, Frances and Scarponcini, Paul},
	Publisher = {Transportation Research Board},
	Title = {TransXML: XML schemas for exchange of transportation data},
	Volume = {576},
	Year = {2007}}

@comment{jabref-meta: groupsversion:3;}

@comment{jabref-meta: groupstree:
0 AllEntriesGroup:;
1 ExplicitGroup:2nd_paper\;0\;Zhang14\;Zhang15c\;nibs15\;;
1 ExplicitGroup:3rd_paper\;0\;costa-jussa12\;hu14\;;
1 ExplicitGroup:Automatically created groups\;2\;Jeong14\;katranuschkov10\;windisch12\;won13\;;
2 KeywordGroup:Applied sciences\;0\;keywords\;Applied sciences\;0\;0\;;
2 KeywordGroup:Automatic construction of domain ontology\;0\;keywords\;Automatic construction of domain ontology\;0\;0\;;
2 KeywordGroup:Bridge information modeling\;0\;keywords\;Bridge information modeling\;0\;0\;;
2 KeywordGroup:Building information modeling\;0\;keywords\;Building information modeling\;0\;0\;;
2 KeywordGroup:Civil engineering\;0\;keywords\;Civil engineering\;0\;0\;;
2 KeywordGroup:Context-awareness\;0\;keywords\;Context-awareness\;0\;0\;;
2 KeywordGroup:Data exchange protocol\;0\;keywords\;Data exchange protocol\;0\;0\;;
2 KeywordGroup:Database design\;0\;keywords\;Database design\;0\;0\;;
2 KeywordGroup:Databases\;0\;keywords\;Databases\;0\;0\;;
2 KeywordGroup:Design for safety\;0\;keywords\;Design for safety\;0\;0\;;
2 KeywordGroup:Document graph\;0\;keywords\;Document graph\;0\;0\;;
2 KeywordGroup:External views\;0\;keywords\;External views\;0\;0\;;
2 KeywordGroup:Feature extraction\;0\;keywords\;Feature extraction\;0\;0\;;
2 KeywordGroup:Frequent subgraph mining\;0\;keywords\;Frequent subgraph mining\;0\;0\;;
2 KeywordGroup:Future challenges\;0\;keywords\;Future challenges\;0\;0\;;
2 KeywordGroup:Graph clustering\;0\;keywords\;Graph clustering\;0\;0\;;
2 KeywordGroup:Hazard recognition and communication\;0\;keywords\;Hazard recognition and communication\;0\;0\;;
2 KeywordGroup:Information delivery manual\;0\;keywords\;Information delivery manual\;0\;0\;;
2 KeywordGroup:Information extraction\;0\;keywords\;Information extraction\;0\;0\;;
2 KeywordGroup:Informative subgraph\;0\;keywords\;Informative subgraph\;0\;0\;;
2 KeywordGroup:Keyword search\;0\;keywords\;Keyword search\;0\;0\;;
2 KeywordGroup:Knowledge management\;0\;keywords\;Knowledge management\;0\;0\;;
2 KeywordGroup:Model view definition\;0\;keywords\;Model view definition\;0\;0\;;
2 KeywordGroup:Natural language interfaces\;0\;keywords\;Natural language interfaces\;0\;0\;;
2 KeywordGroup:Natural language processing\;0\;keywords\;Natural language processing\;0\;0\;;
2 KeywordGroup:Natural language understanding\;0\;keywords\;Natural language understanding\;0\;0\;;
2 KeywordGroup:Occupational construction safety and health\;0\;keywords\;Occupational construction safety and health\;0\;0\;;
2 KeywordGroup:Ontologies\;0\;keywords\;Ontologies\;0\;0\;;
2 KeywordGroup:Ontologies (artificial intelligence)\;0\;keywords\;Ontologies (artificial intelligence)\;0\;0\;;
2 KeywordGroup:Ontologies wikipedia\;0\;keywords\;Ontologies wikipedia\;0\;0\;;
2 KeywordGroup:Ontology\;0\;keywords\;Ontology\;0\;0\;;
2 KeywordGroup:Ontology alignment\;0\;keywords\;Ontology alignment\;0\;0\;;
2 KeywordGroup:Ontology enrichment\;0\;keywords\;Ontology enrichment\;0\;0\;;
2 KeywordGroup:Ontology learning from text\;0\;keywords\;Ontology learning from text\;0\;0\;;
2 KeywordGroup:Ontology matching\;0\;keywords\;Ontology matching\;0\;0\;;
2 KeywordGroup:Ontology safety planning\;0\;keywords\;Ontology safety planning\;0\;0\;;
2 KeywordGroup:Owl\;0\;keywords\;Owl\;0\;0\;;
2 KeywordGroup:Query construction\;0\;keywords\;Query construction\;0\;0\;;
2 KeywordGroup:Query languages\;0\;keywords\;Query languages\;0\;0\;;
2 KeywordGroup:Resource description framework\;0\;keywords\;Resource description framework\;0\;0\;;
2 KeywordGroup:Schema matching\;0\;keywords\;Schema matching\;0\;0\;;
2 KeywordGroup:Semantic heterogeneity\;0\;keywords\;Semantic heterogeneity\;0\;0\;;
2 KeywordGroup:Semantic search\;0\;keywords\;Semantic search\;0\;0\;;
2 KeywordGroup:Semantic technologies\;0\;keywords\;Semantic technologies\;0\;0\;;
2 KeywordGroup:Semantic web\;0\;keywords\;Semantic web\;0\;0\;;
2 KeywordGroup:Semantic web services\;0\;keywords\;Semantic web services\;0\;0\;;
2 KeywordGroup:Semantics\;0\;keywords\;Semantics\;0\;0\;;
2 KeywordGroup:State of the art challenges\;0\;keywords\;State of the art challenges\;0\;0\;;
2 KeywordGroup:Statistical semantic analysis\;0\;keywords\;Statistical semantic analysis\;0\;0\;;
2 KeywordGroup:Terms & phrases sublanguage digital libraries\;0\;keywords\;Terms & phrases sublanguage digital libraries\;0\;0\;;
2 KeywordGroup:Thesauri\;0\;keywords\;Thesauri\;0\;0\;;
2 KeywordGroup:Usability study\;0\;keywords\;Usability study\;0\;0\;;
2 KeywordGroup:Vocabulary\;0\;keywords\;Vocabulary\;0\;0\;;
2 KeywordGroup:Wsmo web service discovery\;0\;keywords\;Wsmo web service discovery\;0\;0\;;
}
